<?xml version="1.0" encoding="UTF-8"?><collection xmlns="http://www.loc.gov/MARC21/slim"><record><leader>00312nam--2200121-i-4500</leader><controlfield tag="001">000023309</controlfield><controlfield tag="002">20161230</controlfield><controlfield tag="005">20161230201035</controlfield><controlfield tag="008">060222s1000------------r-----000-0-eng-d</controlfield><datafield ind1=" " ind2=" " tag="080"><subfield code="a">002.6</subfield></datafield><datafield ind1=" " ind2=" " tag="245"><subfield code="a">Indrumari pentru unitatile de documentare din intreprinderi</subfield></datafield><datafield ind1=" " ind2=" " tag="260"><subfield code="a">Bucuresti, Idt., 1970. 84p</subfield></datafield><datafield ind1=" " ind2=" " tag="852"><subfield code="a">32980</subfield></datafield></record></collection>